
  
  <record>
    <leader>02755cgi a2200649Ka 4500</leader>
    <controlfield tag="001">adbVideo</controlfield>
    <controlfield tag="006">m        c        </controlfield>
    <controlfield tag="006">suu w s     0    2</controlfield>
    <controlfield tag="007">vz mzazuu</controlfield>
    <controlfield tag="007">cr |||||||||||</controlfield>
    <controlfield tag="008">100315c20109999vau---        o   vleng d</controlfield>
    <datafield tag="245" ind1="0" ind2="0">
      <subfield code="a">one 999 database (was format Video)</subfield>
      <subfield code="b">Ethnographic video online - a8655611</subfield>
    </datafield>
    <datafield tag="999" ind1=" " ind2=" ">
      <subfield code="a">INTERNET RESOURCE</subfield>
      <subfield code="w">ASIS</subfield>
      <subfield code="c">1</subfield>
      <subfield code="i">8655611-2001</subfield>
      <subfield code="l">INTERNET</subfield>
      <subfield code="m">SUL</subfield>
      <subfield code="r">Y</subfield>
      <subfield code="s">Y</subfield>
      <subfield code="t">DATABASE</subfield>
      <subfield code="u">7/22/2010</subfield>
      <subfield code="o">.TECHSTAFF. online access wanted/ mmd20100722</subfield>
    </datafield>
  </record>