
  
  
  <record>
    <leader>01520cjm a22003254a 4500</leader>
    <controlfield tag="001">adbMusicRecording</controlfield>
    <controlfield tag="003">SIRSI</controlfield>
    <controlfield tag="006">m        h 0      </controlfield>
    <controlfield tag="006">suu dss     0    2</controlfield>
    <controlfield tag="007">cr*cna||||||||</controlfield>
    <controlfield tag="008">051024m200u9999xx      s         0 eng d</controlfield>
    <datafield tag="245" ind1="0" ind2="0">
      <subfield code="a">one 999 database (was format Music Recording)</subfield>
      <subfield code="b">Naxos music library.</subfield>
      <subfield code="p">Jazz - a6061688</subfield>
    </datafield>
    <datafield tag="999" ind1=" " ind2=" ">
      <subfield code="a">INTERNET RESOURCE</subfield>
      <subfield code="w">ASIS</subfield>
      <subfield code="c">1</subfield>
      <subfield code="i">6061688-1001</subfield>
      <subfield code="l">INTERNET</subfield>
      <subfield code="m">SUL</subfield>
      <subfield code="r">Y</subfield>
      <subfield code="s">Y</subfield>
      <subfield code="t">DATABASE</subfield>
      <subfield code="u">10/25/2005</subfield>
    </datafield>    
  </record>