
  
  
  
  <record>
    <leader>08920cas a2200961   4500</leader>
    <controlfield tag="001">amult999oneDb</controlfield>
    <controlfield tag="007">cr||||</controlfield>
    <controlfield tag="008">790219d19671999nyuuu p       0    0eng d</controlfield>
    <datafield tag="245" ind1="0" ind2="0">
      <subfield code="a">mult 999, one database (was format Journal/Periodical)</subfield>
      <subfield code="b">RILM abstracts of music literature. a375121</subfield>
    </datafield>
    <datafield tag="999" ind1=" " ind2=" ">
      <subfield code="a">ML118 .R574 V.6/10 1972/76</subfield>
      <subfield code="w">LCPER</subfield>
      <subfield code="c">1</subfield>
      <subfield code="i">36105011403149</subfield>
      <subfield code="d">3/7/1997</subfield>
      <subfield code="l">R-STACKS</subfield>
      <subfield code="m">MUSIC</subfield>
      <subfield code="r">Y</subfield>
      <subfield code="s">Y</subfield>
      <subfield code="t">NH-7DAY</subfield>
      <subfield code="u">3/7/1997</subfield>
    </datafield>
    <datafield tag="999" ind1=" " ind2=" ">
      <subfield code="a">INTERNET RESOURCE</subfield>
      <subfield code="w">ASIS</subfield>
      <subfield code="c">1</subfield>
      <subfield code="i">375121-36001</subfield>
      <subfield code="d">10/5/1998</subfield>
      <subfield code="l">INTERNET</subfield>
      <subfield code="m">SUL</subfield>
      <subfield code="r">Y</subfield>
      <subfield code="s">Y</subfield>
      <subfield code="t">DATABASE</subfield>
      <subfield code="u">12/8/1997</subfield>
      <subfield code="o">.TECHSTAFF. i:ygy</subfield>
    </datafield>
    <datafield tag="999" ind1=" " ind2=" ">
      <subfield code="a">ML118 .R574 V.21/25 1987/1991 INDEX</subfield>
      <subfield code="w">LCPER</subfield>
      <subfield code="c">1</subfield>
      <subfield code="i">36105011403008</subfield>
      <subfield code="d">6/3/2004</subfield>
      <subfield code="e">5/21/2004</subfield>
      <subfield code="l">R-STACKS</subfield>
      <subfield code="m">MUSIC</subfield>
      <subfield code="n">2</subfield>
      <subfield code="q">2</subfield>
      <subfield code="r">Y</subfield>
      <subfield code="s">Y</subfield>
      <subfield code="t">NH-7DAY</subfield>
      <subfield code="u">3/7/1997</subfield>
    </datafield>
    <datafield tag="999" ind1=" " ind2=" ">
      <subfield code="a">ML118 .R574 V.11 1977</subfield>
      <subfield code="w">LCPER</subfield>
      <subfield code="c">1</subfield>
      <subfield code="i">36105011403016</subfield>
      <subfield code="d">3/7/1997</subfield>
      <subfield code="l">R-STACKS</subfield>
      <subfield code="m">MUSIC</subfield>
      <subfield code="r">Y</subfield>
      <subfield code="s">Y</subfield>
      <subfield code="t">NH-7DAY</subfield>
      <subfield code="u">3/7/1997</subfield>
    </datafield>  
  </record>