
  
  
  <record>
    <leader>02502cmm a22004815a 4500</leader>
    <controlfield tag="001">atwo99oneShadowWasOther</controlfield>
    <controlfield tag="007">cr|cn</controlfield>
    <controlfield tag="008">970922m19uu9999xxu        e        eng d</controlfield>
    <datafield tag="245" ind1="1" ind2="0">
      <subfield code="a">two 999 second one shadowed (was format Other)</subfield>
      <subfield code="b">INSPEC</subfield>
    </datafield>
    <datafield tag="999" ind1=" " ind2=" ">
      <subfield code="a">INTERNET RESOURCE</subfield>
      <subfield code="w">ASIS</subfield>
      <subfield code="c">1</subfield>
      <subfield code="i">3755815-1001</subfield>
      <subfield code="d">10/1/1998</subfield>
      <subfield code="l">INTERNET</subfield>
      <subfield code="m">SUL</subfield>
      <subfield code="r">Y</subfield>
      <subfield code="s">Y</subfield>
      <subfield code="t">DATABASE</subfield>
      <subfield code="u">1/5/1998</subfield>
      <subfield code="o">.TECHSTAFF. .COMMENTS.c:gdg Level 5 folio database</subfield>
      <subfield code="o">.TECHSTAFF. i:jy 1/18/2001</subfield>
    </datafield>
    <datafield tag="999" ind1=" " ind2=" ">
      <subfield code="a">XX(3755815.2)</subfield>
      <subfield code="w">ASIS</subfield>
      <subfield code="c">1</subfield>
      <subfield code="i">3755815-2001</subfield>
      <subfield code="l">SHADOW</subfield>
      <subfield code="m">SUL</subfield>
      <subfield code="r">Y</subfield>
      <subfield code="s">Y</subfield>
      <subfield code="t">UNKNOWN</subfield>
      <subfield code="u">12/16/2003</subfield>
      <subfield code="z">NONTAXABLE</subfield>
    </datafield>
  </record>