
  
  <record>
    <leader>02238cji a2200421Ia 4500</leader>
    <controlfield tag="001">aDBandMusicRecOne999</controlfield>
    <controlfield tag="006">m        j        </controlfield>
    <controlfield tag="006">suu|dss|||||0   |2</controlfield>
    <controlfield tag="007">cr cna||||||||</controlfield>
    <controlfield tag="007">sz uunnnn|||uu</controlfield>
    <controlfield tag="008">071219c20079999vaumun  saz         eng d</controlfield>
    <datafield tag="245" ind1="0" ind2="0">
      <subfield code="a">single 999 Music-Recording AND Database?</subfield>
      <subfield code="b">Contemporary world music</subfield>   
    </datafield>
    <datafield tag="999" ind1=" " ind2=" ">
      <subfield code="a">INTERNET RESOURCE</subfield>
      <subfield code="w">ASIS</subfield>
      <subfield code="c">1</subfield>
      <subfield code="i">7915569-1001</subfield>
      <subfield code="l">INTERNET</subfield>
      <subfield code="m">SUL</subfield>
      <subfield code="r">Y</subfield>
      <subfield code="s">Y</subfield>
      <subfield code="t">DATABASE</subfield>
      <subfield code="u">4/29/2009</subfield>
    </datafield>    
  </record>