

  <record>
    <leader>01785cai a2200421Ia 4500</leader>
    <controlfield tag="001">aotherBecomesDB</controlfield>
    <controlfield tag="006">m        m        </controlfield>
    <controlfield tag="007">cr |||||||||||</controlfield>
    <controlfield tag="008">090417c20099999vauuu d s     0    2eng d</controlfield>
    <datafield tag="245" ind1="0" ind2="0">
      <subfield code="a">single 999 (was format Other)</subfield>
      <subfield code="b">Music online</subfield>      
    </datafield>
    <datafield tag="999" ind1=" " ind2=" ">
      <subfield code="a">INTERNET RESOURCE</subfield>
      <subfield code="w">ASIS</subfield>
      <subfield code="c">1</subfield>
      <subfield code="i">7916641-1001</subfield>
      <subfield code="l">INTERNET</subfield>
      <subfield code="m">SUL</subfield>
      <subfield code="r">Y</subfield>
      <subfield code="s">Y</subfield>
      <subfield code="t">DATABASE</subfield>
      <subfield code="u">4/30/2009</subfield>
    </datafield>
  </record>