
  
  <record>
    <leader>02075cai a2200457Ia 4500</leader>
    <controlfield tag="001">adbOther</controlfield>
    <controlfield tag="006">m        d        </controlfield>
    <controlfield tag="007">cr cn||||u||||</controlfield>
    <controlfield tag="008">080404c20079999enkzr w s     0    2eng d</controlfield>
    <datafield tag="245" ind1="0" ind2="0">
      <subfield code="a">single 999 (was format Other)</subfield>
      <subfield code="b">Oxford music online - a7626894</subfield>
    </datafield>
    <datafield tag="999" ind1=" " ind2=" ">
      <subfield code="a">INTERNET RESOURCE</subfield>
      <subfield code="w">ALPHANUM</subfield>
      <subfield code="c">1</subfield>
      <subfield code="i">7626894-1001</subfield>
      <subfield code="l">INTERNET</subfield>
      <subfield code="m">SUL</subfield>
      <subfield code="r">Y</subfield>
      <subfield code="s">Y</subfield>
      <subfield code="t">DATABASE</subfield>
      <subfield code="u">6/26/2008</subfield>
    </datafield>    
  </record>