
  
  <record>
    <leader>01796cai a2200397Ka 4500</leader>
    <controlfield tag="001">another</controlfield>
    <controlfield tag="006">m        m        </controlfield>
    <controlfield tag="006">jopnn           n </controlfield>
    <controlfield tag="007">cr cna||||||||</controlfield>
    <controlfield tag="008">091019c20099999enk x wss     0   a2eng d</controlfield>    
    <datafield tag="245" ind1="0" ind2="0">
      <subfield code="a">single 999 (was format Other)</subfield>
      <subfield code="b">Ballad operas online - a8379484</subfield>
    </datafield>
    <datafield tag="999" ind1=" " ind2=" ">
      <subfield code="a">INTERNET RESOURCE</subfield>
      <subfield code="w">ASIS</subfield>
      <subfield code="c">1</subfield>
      <subfield code="i">8379484-1001</subfield>
      <subfield code="l">INTERNET</subfield>
      <subfield code="m">SUL</subfield>
      <subfield code="r">Y</subfield>
      <subfield code="s">Y</subfield>
      <subfield code="t">DATABASE</subfield>
      <subfield code="u">11/4/2009</subfield>
    </datafield>
  </record>