
  
  <record>
    <leader>01796cai a2200397Ka 4500</leader>
    <controlfield tag="001">a6xxx</controlfield>
    <controlfield tag="006">m        m        </controlfield>
    <controlfield tag="006">jopnn           n </controlfield>
    <controlfield tag="007">cr cna||||||||</controlfield>
    <controlfield tag="008">091019c20099999enk x wss     0   a2eng d</controlfield>    
    <datafield tag="245" ind1="0" ind2="0">
      <subfield code="a">6xx subfield x "databases"</subfield>
    </datafield>
    <datafield tag="651" ind1=" " ind2="0">
      <subfield code="a">Great Britain</subfield>
      <subfield code="x">Imprints</subfield>
      <subfield code="x">Databases.</subfield>
    </datafield>
    <datafield tag="999" ind1=" " ind2=" ">
      <subfield code="a">INTERNET RESOURCE</subfield>
      <subfield code="w">ASIS</subfield>
      <subfield code="c">1</subfield>
      <subfield code="i">8379484-1001</subfield>
      <subfield code="l">INTERNET</subfield>
      <subfield code="m">SUL</subfield>
    </datafield>
  </record>