

<!-- leader/07 and 008/21 -->

  <record>
    <leader>01796cai a2200397Ka 4500</leader>
    <controlfield tag="001">aldr07i_008-21d</controlfield>
    <controlfield tag="008">780930m19391944nyu   d       000 v eng d</controlfield>
    <datafield tag="245" ind1="0" ind2="0">
      <subfield code="a">leader/07 i and 008 byte 21 d - database</subfield>
    </datafield>
    <datafield tag="999" ind1=" " ind2=" ">
      <subfield code="a">INTERNET RESOURCE</subfield>
      <subfield code="w">ASIS</subfield>
      <subfield code="c">1</subfield>
      <subfield code="i">8379484-1001</subfield>
      <subfield code="l">INTERNET</subfield>
      <subfield code="m">SUL</subfield>
    </datafield>
  </record>