
  
  <record>
    <leader>01796cas a2200397Ka 4500</leader>
    <controlfield tag="001">aldr07s_008-21f</controlfield>
    <controlfield tag="008">780930m19391944nyu   f       000 v eng d</controlfield>
    <datafield tag="245" ind1="0" ind2="0">
      <subfield code="a">leader/07 s and 008 byte 21 f - NOT database</subfield>
    </datafield>
    <datafield tag="999" ind1=" " ind2=" ">
      <subfield code="a">INTERNET RESOURCE</subfield>
      <subfield code="w">ASIS</subfield>
      <subfield code="c">1</subfield>
      <subfield code="i">8379484-1001</subfield>
      <subfield code="l">INTERNET</subfield>
      <subfield code="m">SUL</subfield>
    </datafield>
  </record>